@incollection{acemoglu2011,
  title={Skills, tasks and technologies: Implications for employment and earnings},
  author={Acemoglu, Daron and Autor, David},
  booktitle={Handbook of Labor Economics},
  volume={4},
  pages={1043--1171},
  year={2011},
  publisher={Elsevier}
}

@article{angrist1991,
  title={Does compulsory school attendance affect schooling and earnings?},
  author={Angrist, Joshua D and Keueger, Alan B},
  journal={Quarterly Journal of Economics},
  volume={106},
  number={4},
  pages={979--1014},
  year={1991},
  publisher={MIT Press}
}

@article{ashenfelter1997,
  title={Estimates of the returns to schooling from sibling data: Fathers, sons, and brothers},
  author={Ashenfelter, Orley and Zimmerman, David J},
  journal={Review of Economics and Statistics},
  volume={79},
  number={1},
  pages={1--9},
  year={1997},
  publisher={MIT Press}
}

@article{ashenfelter1978,
  title={Estimating the effect of training programs on earnings},
  author={Ashenfelter, Orley},
  journal={Review of Economics and Statistics},
  pages={47--57},
  year={1978},
  publisher={JSTOR}
}

@article{ashenfelter1985,
  title={Using the longitudinal structure of earnings to estimate the effect of training programs},
  author={Ashenfelter, Orley and Card, David},
  journal={Review of Economics and Statistics},
  volume={67},
  number={4},
  pages={648--660},
  year={1985}
}

@article{athey2019,
  title={Estimating treatment effects with causal forests: An application},
  author={Athey, Susan and Wager, Stefan},
  journal={Observational Studies},
  volume={5},
  number={2},
  pages={37--51},
  year={2019},
  publisher={University of Pennsylvania Press}
}

@article{atkinson2016,
  title={Trends in VET: Policy and participation},
  author={Atkinson, Georgina and Stanwick, John},
  journal={Adelaide: NCVER},
  year={2016}
}

@article{belfield2017model,
  title={Model Specifications for Estimating Labor Market Returns to Associate Degrees: How Robust Are Fixed Effects Estimates? A CAPSEE Working Paper.},
  author={Belfield, Clive and Bailey, Thomas},
  journal={Center for Analysis of Postsecondary Education and Employment},
  year={2017},
  publisher={ERIC}
}

@article{department2021,
  title={Higher education participation and partnerships program (HEPPP)},
  author={Australian Government Department of Education, Skills and Employment (DESE)},
  journal={https://www.dese.gov.au/heppp},
  year={2021}
}

@article{department2019a,
  title={Selected Higher Education Statistics – 2019 Student Data, Attrition, retention, and success rates},
  author={Australian Government Department of Education, Skills and Employment (DESE)},
  journal={https://app.powerbi.com/view?r=eyJrIjoiOTY3ZmQ2OTUtODdlYi00YTMxLWIwNzAtM2RiZWMwNjk0Mzc1IiwidCI6ImRkMGNmZDE1LTQ1NTgtNGIxMi04Ym
FkLWVhMjY5ODRmYzQxNyJ9},
  year={2019}
}

@article{department2019b,
  title={Selected Higher Education Statistics – 2019 Student Data, Cohort analysis – completion rates},
  author={Australian Government Department of Education, Skills and Employment (DESE)},
  journal={https://app.powerbi.com/view?r=eyJrIjoiOTY3ZmQ2OTUtODdlYi00YTMxLWIwNzAtM2RiZWMwNjk0Mzc1IiwidCI6ImRkMGNmZDE1LTQ1NTgtNGIxMi04Ym
FkLWVhMjY5ODRmYzQxNyJ9},
  year={2019}
}

@article{department2022a,
  title={Skills and Training Incentive},
  author={Australian Government Department of Education, Skills and Employment (DESE)},
  journal={https://www.dese.gov.au/skills-and-training-incentive},
  year={2022}
}

@article{department2022b,
  title={Skills and Training Incentive Guidelines},
  author={Australian Government Department of Education, Skills and Employment (DESE)},
  journal={https://www.dese.gov.au/skills-and-training-incentive/resources/skills-and-training-incentiveguidelines},
  year={2022}
}

@article{autor2008,
  title={Trends in US wage inequality: Revising the revisionists},
  author={Autor, David H and Katz, Lawrence F and Kearney, Melissa S},
  journal={Review of Economics and Statistics},
  volume={90},
  number={2},
  pages={300--323},
  year={2008},
  publisher={MIT Press}
}

@article{belfield2017,
  title={The labor market returns to sub-baccalaureate college: A review. A CAPSEE working paper},
  author={Belfield, Clive and Bailey, Thomas},
  journal={Center for Analysis of Postsecondary Education and Employment},
  year={2017},
  publisher={ERIC}
}

@article{bingham2019,
  title={Pyro: Deep universal probabilistic programming},
  author={Bingham, Eli and Chen, Jonathan P and Jankowiak, Martin and Obermeyer, Fritz and Pradhan, Neeraj and Karaletsos, Theofanis and Singh, Rohit and Szerlip, Paul and Horsfall, Paul and Goodman, Noah D},
  journal={Journal of Machine Learning Research},
  volume={20},
  number={1},
  pages={973--978},
  year={2019},
  publisher={JMLR.org}
}

@article{blanden2012,
  title={Measuring the earnings returns to lifelong learning in the UK},
  author={Blanden, Jo and Buscha, Franz and Sturgis, Patrick and Urwin, Peter},
  journal={Economics of Education Review},
  volume={31},
  number={4},
  pages={501--514},
  year={2012},
  publisher={Elsevier}
}

@article{bloom1990,
  title={Back to work: Testing reemployment services for displaced workers},
  author={Bloom, Howard S},
   journal={WE Upjohn Institute for Employment Research},
  year={1990}
}

@article{bockerman2019,
  title={Back to school: Labor-market returns to higher vocational schooling},
  author={B{\"o}ckerman, Petri and Haapanen, Mika and Jepsen, Christopher},
  journal={Labour Economics},
  volume={61},
  pages={101758},
  year={2019},
  publisher={Elsevier}
}

@article{card1999,
  title={The causal effect of education on earnings},
  author={Card, David},
  journal={Handbook of Labor Economics},
  volume={3},
  pages={1801--1863},
  year={1999},
  publisher={Elsevier}
}

@article{card1995,
  title={Using geographic variation in college proximity to estimate the return to schooling},
  author={Card, David},
  journal={Aspects of Labour Market Behaviour: Essays in honour of John Vanderkamp, edited by Louis Christofides, E. Kenneth Grant, and Robert Swidinsky},
  pages={201--222},
  year={1995},
  publisher={University of Toronto Press}
}

@article{caruso2018,
  title={The changing face of a student: Returning to education at a mature age in Australia},
  author={Caruso, Stephanie},
  journal={https://www.shortcourses.com.au/ed/studying-as-a-mature-age-student/},
  year={2018}
}

@article{cherno2018,
  title={Double/debiased machine learning for treatment and structural parameters},
  author={Chernozhukov, Victor and Chetverikov, Denis and Demirer, Mert and Duflo, Esther and Hansen, Christian and Newey, Whitney and Robins, James},
  journal={Econometrics Journal},
  volume={21},
  number={1},
  year={2018},
  publisher={Oxford University Press}
}

@article{chesters2015,
  title={Within-generation social mobility in Australia: The effect of returning to education on occupational status and earnings},
  author={Chesters, Jenny},
  journal={Journal of Sociology},
  volume={51},
  number={2},
  pages={385--400},
  year={2015},
  publisher={SAGE Publications Sage UK: London, England}
}


@book{coelli2012,
  title={Studying beyond Age 25: Who does it and what do they gain? Research report},
  author={Coelli, Michael and Tabasso, Domenico and Zakirova, Rezida},
  journal={National Centre for Vocational Education Research},
  year={2012},
  publisher={ERIC}
}

@article{dorsett2016,
  title={The effect of lifelong learning on men’s wages},
  author={Dorsett, Richard and Lui, Silvia and Weale, Martin},
  journal={Empirical Economics},
  volume={51},
  number={2},
  pages={737--762},
  year={2016},
  publisher={Springer}
}

@article{duchini2017,
  title={Is college remedial education a worthy investment? New evidence from a sharp regression discontinuity design},
  author={Duchini, Emma},
  journal={Economics of Education Review},
  volume={60},
  pages={36--53},
  year={2017},
  publisher={Elsevier}
}

@article{dynarski2018,
  title={How important are fixed effects and time trends in estimating returns to schooling? Evidence from a replication of Jacobson, Lalonde, and Sullivan, 2005},
  author={Dynarski, Susan and Jacob, Brian and Kreisman, Daniel},
  journal={Journal of Applied Econometrics},
  volume={33},
  number={7},
  pages={1098--1108},
  year={2018},
  publisher={Wiley Online Library}
}

@article{dynarski2016,
  title={The fixed-effects model in returns to schooling and its application to community colleges: A methodological note},
  author={Dynarski, Susan and Jacob, Brian and Kreisman, Daniel},
  journal={Center for Analysis of Postsecondary Education and Employment},
  year={2016},
  publisher={ERIC}
}

@article{kennedy2020,
  title={Optimal doubly robust estimation of heterogeneous causal effects},
  author={Kennedy, Edward H},
  journal={arXiv preprint arXiv:2004.14497},
  year={2020}
}

@article{harmon1999,
  title={The marginal and average returns to schooling in the UK},
  author={Harmon, Colm and Walker, Ian},
  journal={European Economic Review},
  volume={43},
  number={4-6},
  pages={879--887},
  year={1999},
  publisher={Elsevier}
}

@article{harmon1995,
  title={Estimates of the economic return to schooling for the United Kingdom},
  author={Harmon, Colm and Walker, Ian},
  journal={American Economic Review},
  volume={85},
  number={5},
  pages={1278--1286},
  year={1995},
  publisher={JSTOR}
}

@article{harmon2003,
  title={The returns to education: Microeconomics},
  author={Harmon, Colm and Oosterbeek, Hessel and Walker, Ian},
  journal={Journal of Economic Surveys},
  volume={17},
  number={2},
  pages={115--156},
  year={2003},
  publisher={Wiley Online Library}
}

@incollection{heckman1999,
  title={The economics and econometrics of active labor market programs},
  author={Heckman, James J and LaLonde, Robert J and Smith, Jeffrey A},
  booktitle={Handbook of Labor Economics},
  volume={3},
  pages={1865--2097},
  year={1999},
  publisher={Elsevier}
}

@article{hoffman2014,
  title={The No-U-Turn sampler: Adaptively setting path lengths in Hamiltonian Monte Carlo},
  author={Hoffman, Matthew D and Gelman, Andrew},
  journal={Journal of Machine Learning Research},
  volume={15},
  pages={1593--1623},
  year={2014}
}

@book{imbens2015,
  title={Causal inference in statistics, social, and biomedical sciences},
  author={Imbens, Guido W and Rubin, Donald B},
  year={2015},
  publisher={Cambridge University Press}
}

@article{jacob2004,
  title={Remedial education and student achievement: A regression-discontinuity analysis},
  author={Jacob, Brian A and Lefgren, Lars},
  journal={Review of Economics and Statistics},
  volume={86},
  number={1},
  pages={226--244},
  year={2004},
  publisher={MIT Press}
}

@article{jacobson2005,
  title={Estimating the returns to community college schooling for displaced workers},
  author={Jacobson, Louis and LaLonde, Robert and Sullivan, Daniel G},
  journal={Journal of Econometrics},
  volume={125},
  number={1-2},
  pages={271--304},
  year={2005},
  publisher={Elsevier}
}

@article{kristoff2018,
  title={Great expectations: Education and subjective wellbeing},
  author={Kristoffersen, Ingebj{\o}rg},
  journal={Journal of Economic Psychology},
  volume={66},
  pages={64--78},
  year={2018},
  publisher={Elsevier}
}

@article{kunzel2019,
  title={Metalearners for estimating heterogeneous treatment effects using machine learning},
  author={K{\"u}nzel, S{\"o}ren R and Sekhon, Jasjeet S and Bickel, Peter J and Yu, Bin},
  journal={Proceedings of the National Academy of Sciences},
  volume={116},
  number={10},
  pages={4156--4165},
  year={2019},
  publisher={National Acad Sciences}
}

@book{leigh1990,
  title={Does training work for displaced workers? A survey of existing evidence},
  author={Leigh, Duane E},
  year={1990},
  publisher={WE Upjohn Institute for Employment Research}
}

@article{machin2006,
  title={Social disadvantage and education experiences},
  author={Machin, Stephen},
  journal={OECD Publishing},
  year={2006}
}

@article{melguizo2016,
  title={Credit for low-income students and access to and academic performance in higher education in Colombia: A regression discontinuity approach},
  author={Melguizo, Tatiana and Sanchez, Fabio and Velasco, Tatiana},
  journal={World Development},
  volume={80},
  pages={61--77},
  year={2016},
  publisher={Elsevier}
}

@article{mincer1974,
  title={Schooling, experience, and earnings},
  author={Mincer, Jacob},
  journal={National Bureau of Economic Research},
  year={1974},
  publisher={ERIC}
}

@article{ncver2021,
  title={Total VET students and courses 2020: program enrolments},
  author={{NCVER DataBuilder}},
  journal={Department of Education, Skills and Employment. https://www.ncver.edu.au/research-and-statistics/data/databuilder},
  year={2021}
}

@misc{oshea2015,
  title={Breaking the barriers: Supporting and engaging mature age first-in-family university learners and their families (Final Report)},
  author={O'Shea, S and May, J and Stone, C},
  journal={Canberra: Australian Government Office for Learning and Teaching},  
  year={2015}
}

@article{oecd2016,
  title={Indicator C1: Who participates in education?},
  author={OECD},
  journal={Education at a Glance},  
  year={2016},
  publisher={OCED Publishing}
}

@article{parliament2017,
  title={Higher Education Loan Program (HELP) and other student loans: a quick guide},
  author={{Parliament of Australia}},
  journal={https://www.aph.gov.au},
  year={2017}
}

@article{pearl2012class,
  title={On a class of bias-amplifying variables that endanger effect estimates},
  author={Pearl, Judea},
  journal={arXiv preprint arXiv:1203.3503},
  year={2012}
}

@article{perales2017,
  title={The returns to mature-age education in Australia},
  author={Perales, Francisco and Chesters, Jenny},
  journal={International Journal of Educational Research},
  volume={85},
  pages={87--98},
  year={2017}
}

@article{polidano2016,
  title={Long-term outcomes from Australian vocational education},
  author={Polidano, Cain and Ryan, Chris},
  journal={Melbourne Institute of Applied Economic and Social Research, University of Melbourne},
  year={2016}
}

@article{pow2015,
  title={What's the good of education on our overall quality of life? A simultaneous equation model of education and life satisfaction for Australia},
  author={Powdthavee, Nattavudh and Lekfuangfu, Warn N and Wooden, Mark},
  journal={Journal of Behavioral and Experimental Economics},
  volume={54},
  pages={10--21},
  year={2015},
  publisher={Elsevier}
}

@article{raaum2002,
  title={Labour market training in Norway—effect on earnings},
  author={Raaum, Oddbj{\o}rn and Torp, Hege},
  journal={Labour Economics},
  volume={9},
  number={2},
  pages={207--247},
  year={2002},
  publisher={Elsevier}
}

@article{rubin1980,
  title={Randomization analysis of experimental data: The Fisher randomization test comment},
  author={Rubin, Donald B},
  journal={Journal of the American Statistical Association},
  volume={75},
  number={371},
  pages={591--593},
  year={1980},
  publisher={JSTOR}
}

@article{studies2018,
  title={Study Costs},
  author={{Studies in Australia}},
  journal={https://www.studiesinaustralia.com/studying-in-australia/how-to-study-inaustralia/study-costs},
  year={2018}
}

@article{sa2022a,
  title={Student learning entitlement},
  author={{Study Assist}},
  journal={https://www.studyassist.gov.au/help-loans-commonwealthsupported-places-csps/student-learning-entitlement},
  year={2022}
}

@article{sa2022b,
  title={Student learning entitlement},
  author={{Study Assist}},
  journal={https://www.studyassist.gov.au/help-loans/combined-help-loanlimit},
  year={2022}
}

@article{ua2020,
  title={2020 Higher Education Facts and Figures},
  author={{Universities Australia}},
  journal={https://www.universitiesaustralia.edu.au/wp-content/uploads/2020/11/200917-HE-Facts-and-Figures-2020.pdf},
  year={2020}
}

@article{ua2019,
  title={2019 Higher Education Facts and Figures},
  author={{Universities Australia}},
  journal={https://www.universitiesaustralia.edu.au/wp-content/uploads/2019/08/190716-Facts-and-Figures-2019-Final-v2.pdf},
  year={2019}
}
@article{uasystem,
  title={The Demand Driven System},
  author={{Universities Australia}},
  journal={https://www.universitiesaustralia.edu.au/policy-submissions/diversity-equity/the-demand-driven-system/},
  year={2019}
}

@article{wang2018,
  title={The more educated, the healthier: Evidence from rural China},
  author={Wang, Weidong and Dong, Yongqing and Liu, Xiaohong and Zhang, Linxiu and Bai, Yunli and Hagist, Spencer},
  journal={International Journal of Environmental Research and Public Health},
  volume={15},
  number={12},
  pages={2848},
  year={2018},
  publisher={MDPI}
}

@article{xu2016,
  title={What about certificates? Evidence on the labor market returns to nondegree community college awards in two states},
  author={Xu, Di and Trimble, Madeline},
  journal={Educational Evaluation and Policy Analysis},
  volume={38},
  number={2},
  pages={272--292},
  year={2016},
  publisher={SAGE Publications}
}

@article{zeidenberg2015,
  title={What about the non-completers? The labor market returns to progress in community college},
  author={Zeidenberg, Matthew and Scott, Marc and Belfield, Clive},
  journal={Economics of Education Review},
  volume={49},
  pages={142--156},
  year={2015},
  publisher={Elsevier}
}

@article{knaus2022,
  title={Heterogeneous employment effects of job search programs: A machine learning approach},
  author={Knaus, Michael C and Lechner, Michael and Strittmatter, Anthony},
  journal={Journal of Human Resources},
  volume={57},
  number={2},
  pages={597--636},
  year={2022},
  publisher={University of Wisconsin Press}
}

@article{mountjoy2022,
  title={Community colleges and upward mobility},
  author={Mountjoy, Jack},
  journal={American Economic Review},
  volume={112},
  number={8},
  pages={2580--2630},
  year={2022}
}

@article{card2018,
  title={What works? A meta analysis of recent active labor market program evaluations},
  author={Card, David and Kluve, Jochen and Weber, Andrea},
  journal={Journal of the European Economic Association},
  volume={16},
  number={3},
  pages={894--931},
  year={2018},
  publisher={Oxford University Press}
}

@article{athey2017,
  title={The state of applied econometrics: Causality and policy evaluation},
  author={Athey, Susan and Imbens, Guido W},
  journal={Journal of Economic Perspectives},
  volume={31},
  number={2},
  pages={3--32},
  year={2017}
}

@article{knaus2021,
  title={Machine learning estimation of heterogeneous causal effects: Empirical monte carlo evidence},
  author={Knaus, Michael C and Lechner, Michael and Strittmatter, Anthony},
  journal={Econometrics Journal},
  volume={24},
  number={1},
  pages={134--161},
  year={2021},
  publisher={Oxford University Press}
}

@article{hahn2018,
  title={Regularization and confounding in linear regression for treatment effect estimation},
  author={Hahn, P Richard and Carvalho, Carlos M and Puelz, David and He, Jingyu},
  journal={Bayesian Analysis},
  volume={13},
  number={1},
  pages={163--182},
  year={2018},
  publisher={International Society for Bayesian Analysis}
}

@article{gelman2006,
  title={Prior distributions for variance parameters in hierarchical models (comment on article by Browne and Draper)},
  author={Gelman, Andrew},
  journal={Bayesian analysis},
  volume={1},
  number={3},
  pages={515--534},
  year={2006},
  publisher={International Society for Bayesian Analysis}
}

@article{tipping2001,
  title={Sparse Bayesian learning and the relevance vector machine},
  author={Tipping, Michael E},
  journal={Journal of Machine Learning Research},
  volume={1},
  number={Jun},
  pages={211--244},
  year={2001}
}

@book{williams2006,
  title={Gaussian processes for machine learning},
  author={Williams, Christopher KI and Rasmussen, Carl Edward},
  volume={2},
  number={3},
  year={2006},
  publisher={MIT press Cambridge, MA}
}

@book{bishop2006,
title={Pattern recognition and machine learning},
  author={Bishop, Christopher M},
  volume={4},
  number={4},
  year={2006},
  publisher={Springer}
}

@article{breiman2001,
  title={Random forests},
  author={Breiman, Leo},
  journal={Machine Learning},
  volume={45},
  number={1},
  pages={5--32},
  year={2001},
  publisher={Springer}
}

@book{molnar2020,
  title={Interpretable machine learning},
  author={Molnar, Christoph},
  year={2020},
  publisher={https://christophm.github.io/interpretable-ml-book/}
}


@article{hahn2020,
  title={Bayesian regression tree models for causal inference: Regularization, confounding, and heterogeneous effects (with discussion)},
  author={Hahn, P Richard and Murray, Jared S and Carvalho, Carlos M},
  journal={Bayesian Analysis},
  volume={15},
  number={3},
  pages={965--1056},
  year={2020},
  publisher={International Society for Bayesian Analysis}
}

@article{fossen2013,
  title={The returns to education for opportunity entrepreneurs, necessity entrepreneurs, and paid employees},
  author={Fossen, Frank M and B{\"u}ttner, Tobias JM},
  journal={Economics of Education Review},
  volume={37},
  pages={66--84},
  year={2013},
  publisher={Elsevier}
}


@article{friedman2001,
  title={Greedy function approximation: a gradient boosting machine},
  author={Friedman, Jerome H},
  journal={Annals of Statistics},
  pages={1189--1232},
  year={2001},
  publisher={JSTOR}
}

@article{phan2019,
  title={Composable Effects for Flexible and Accelerated Probabilistic Programming in NumPyro},
  author={Phan, Du and Pradhan, Neeraj and Jankowiak, Martin},
  journal={arXiv preprint arXiv:1912.11554},
  year={2019}
}

@article{krantsevich2022,
  title={Stochastic tree ensembles for estimating heterogeneous effects},
  author={Krantsevich, Nikolay and He, Jingyu and Hahn, P Richard},
  journal={arXiv preprint arXiv:2209.06998},
  year={2022}
}

@article{chipman2010,
  title={BART: Bayesian additive regression trees},
  author={Chipman, Hugh A and George, Edward I and McCulloch, Robert E},
  year={2010}
}

@book{hastie2009,
  title={The elements of statistical learning: data mining, inference, and prediction},
  author={Hastie, Trevor and Tibshirani, Robert and Friedman, Jerome H},
  volume={2},
  year={2009},
  publisher={Springer}
}

@article{efron1986,
  title={Bootstrap methods for standard errors, confidence intervals, and other measures of statistical accuracy},
  author={Efron, Bradley and Tibshirani, Robert},
  journal={Statistical science},
  pages={54--75},
  year={1986},
  publisher={JSTOR}
}

@article{weber2004,
  author = {Weber, Paull and Schaper, Michael},
  title = {Understanding the Grey Entrepreneur},
  journal = {Journal of Enterprising Culture},
  volume = {12},
  number = {02},
  pages = {147--164},
  year = {2004}
}

@book{becker1964,
  author = {Becker, Gary S.},
  title = {Human Capital: A Theoretical and Empirical Analysis, with Special Reference to Education},
  publisher = {National Bureau of Economic Research},
  address = {New York},
  year = {1964}
}

@article{heckman1993,
  author = {Heckman, James J.},
  title = {What Has Been Learned About Labor Supply in the Past Twenty Years?},
  journal = {The American Economic Review},
  volume = {83},
  number = {2},
  pages = {116--121},
  year = {1993}
}

@article{deci1985,
  author = {Deci, Edward L. and Ryan, Richard M.},
  title = {The General Causality Orientations Scale: Self-determination in Personality},
  journal = {Journal of Research in Personality},
  volume = {19},
  number = {2},
  pages = {109--134},
  year = {1985}
}

@article{unger2011,
  author = {Unger, Jens M. and Rauch, Andreas and Frese, Michael and Rosenbusch, Nina},
  title = {Human Capital and Entrepreneurial Success: A Meta-analytical Review},
  journal = {Journal of Business Venturing},
  volume = {26},
  number = {3},
  pages = {341--358},
  year = {2011}
}

@article{oosterbeek2010,
  author = {Oosterbeek, Hessel and Van Praag, Mirjam and Ijsselstein, Auke},
  title = {The Impact of Entrepreneurship Education on Entrepreneurship Skills and Motivation},
  journal = {European Economic Review},
  volume = {54},
  number = {3},
  pages = {442--454},
  year = {2010}
}

@article{zhao2021,
  author = {Zhao, H. and O'Connor, G. and Wu, J. and Lumpkin, G. T.},
  title = {Age and Entrepreneurial Career Success: A Review and a Meta-analysis},
  journal = {Journal of Business Venturing},
  volume = {36},
  number = {1},
  pages = {106007},
  year = {2021}
}

@article{krishnan2019,
  author = {Krishnan, Karthik and Wang, Pinshuo},
  title = {The Cost of Financing Education: Can Student Debt Hinder Entrepreneurship?},
  journal = {Management Science},
  volume = {65},
  number = {10},
  pages = {4522--4554},
  year = {2019}
}

@article{haber2007,
  author = {Haber, Sigal and Reichel, Arie},
  title = {The Cumulative Nature of the Entrepreneurial Process: The Contribution of Human Capital, Planning and Environment Resources to Small Venture Performance},
  journal = {Journal of Business Venturing},
  volume = {22},
  number = {1},
  pages = {119--145},
  year = {2007}
}

@techreport{kibler2012,
  author = {Kibler, Ewald and Wainwright, Thomas and Kautonen, Teemu and Blackburn, Robert},
  title = {(Work) Life after Work?: Older Entrepreneurship in London - Motivations and Barriers},
  institution = {Small Business Research Centre Kingston University},
  year = {2012}
}

@article{kautonen2017,
  author = {Kautonen, Teemu and Kibler, Ewald and Minniti, Maria},
  title = {Late-Career Entrepreneurship, Income and Quality of Life},
  journal = {Journal of Business Venturing},
  volume = {32},
  number = {3},
  pages = {318--333},
  year = {2017}
}

@article{parker2007,
  author = {Parker, Simon C. and Rougier, Jonathan C.},
  title = {The Retirement Behaviour of the Self-employed in Britain},
  journal = {Applied Economics},
  volume = {39},
  number = {6},
  pages = {697--713},
  year = {2007}
}

@article{stephan2010,
  author = {Stephan, Ute and Roesler, Ulrike},
  title = {Health of Entrepreneurs versus Employees in a National Representative Sample},
  journal = {Journal of Occupational and Organizational Psychology},
  volume = {83},
  number = {3},
  pages = {717--738},
  year = {2010}
}

@article{lombard2001,
  author = {Lombard, Karen V.},
  title = {Female Self‐employment and Demand for Flexible, Non-standard Work Schedules},
  journal = {Economic Inquiry},
  volume = {39},
  number = {2},
  pages = {214--237},
  year = {2001}
}

@article{hundley2001,
  author = {Hundley, Greg},
  title = {Why and When Are the Self-Employed More Satisfied with Their Work?},
  journal = {Industrial Relations: A Journal of Economy and Society},
  volume = {40},
  number = {2},
  pages = {293--316},
  year = {2001}
}

@article{herneas2016,
  author = {Herneas, Erik and Markussen, Simen and Piggott, John and Roed, Knut},
  title = {Pension Reform and Labor Supply},
  journal = {Journal of Public Economics},
  volume = {142},
  pages = {39--55},
  year = {2016}
}

@article{astebro2014,
  author = {Astebro, Thomas and Chen, Jing},
  title = {The Entrepreneurial Earnings Puzzle: Mismeasurement or Real?},
  journal = {Journal of Business Venturing},
  volume = {29},
  number = {1},
  pages = {88--105},
  year = {2014}
}

@article{levine2017,
  author = {Levine, Ross and Rubinstein, Yona},
  title = {Smart and Illicit: Who Becomes an Entrepreneur and Do They Earn More?},
  journal = {The Quarterly Journal of Economics},
  volume = {132},
  number = {2},
  pages = {963--1018},
  year = {2017}
}

@article{montgomery2006,
  author = {Montgomery, Mark and Powell, Irene},
  title = {The Effect of Tuition and Opportunity Cost on the Pursuit and Completion of a Graduate Management Degree},
  journal = {Journal of Education for Business},
  volume = {81},
  number = {4},
  pages = {190--200},
  year = {2006}
}

@article{abel2014,
  author = {Abel, Jaison R. and Deitz, Richard},
  title = {Do the Benefits of College Still Outweigh the Costs?},
  journal = {Current Issues in Economics and Finance},
  volume = {20},
  number = {3},
  year = {2014}
}

@online{hanson2022,
  author = {Hanson, Melanie},
  title = {College Dropout Rates},
  url = {https://educationdata.org/college-dropout-rates},
  year = {2022}
}

@online{guerra2022,
  author = {Guerra, Lenin C.},
  title = {Non-completion in Postsecondary Education: Why Are So Many Students Not Finishing Their Courses?},
  organization = {Centre for the Study of Science and Innovation Policy},
  url = {https://www.schoolofpublicpolicy.sk.ca/csip/publications/making-waves/non-completion-in-postsecondary-education-why-are-so-many-students-not-finishing-their-courses.php},
  year = {2022}
}

@techreport{cherastidtham2018,
  author = {Cherastidtham, Ittima and Norton, Andrew},
  title = {University Attrition: What Helps and What Hinders University Completion?},
  institution = {Grattan Institute},
  type = {Report},
  year = {2018}
}

@article{cassar2006,
  author = {Cassar, Gavin},
  title = {Entrepreneur Opportunity Costs and Intended Venture Growth},
  journal = {Journal of Business Venturing},
  volume = {21},
  number = {5},
  year = {2006},
  pages = {610--632}
}

@article{kautonen2014,
  author = {Kautonen, Teemu and Down, Simon and Minniti, Maria},
  title = {Ageing and Entrepreneurial Preferences},
  journal = {Small Business Economics},
  volume = {42},
  year = {2014},
  pages = {579--594}
}

@article{zissimopoulos2007,
  author = {Zissimopoulos, Julie M. and Karoly, Lynn A.},
  title = {Transitions to Self-Employment at Older Ages: The Role of Wealth, Health, Health Insurance and Other Factors},
  journal = {Labour Economics},
  volume = {14},
  number = {2},
  year = {2007},
  pages = {269--295}
}

@article{zacharakis2000,
  author = {Zacharakis, Andrew L. and Meyer, G. Dale},
  title = {The Potential of Actuarial Decision Models: Can They Improve the Venture Capital Investment Decision?},
  journal = {Journal of Business Venturing},
  volume = {15},
  number = {4},
  year = {2000},
  pages = {323--346}
}

@article{williams2000,
  title={Using the Nystr{\"o}m method to speed up kernel machines},
  author={Williams, Christopher and Seeger, Matthias},
  journal={Advances in neural information processing systems},
  volume={13},
  year={2000}
}